<?xml version="1.0" encoding="UTF-8"?><collection xmlns="http://www.loc.gov/MARC21/slim"><record><leader>00439nam--2200121-i-4500</leader><controlfield tag="001">000039423</controlfield><controlfield tag="002">20161230</controlfield><controlfield tag="005">20161230201042</controlfield><controlfield tag="008">060222s1000------------r-----000-0-eng-d</controlfield><datafield ind1=" " ind2=" " tag="100"><subfield code="a">Robouch, B.V</subfield></datafield><datafield ind1=" " ind2=" " tag="245"><subfield code="a">Etude du mouvement d`un oscillateur anharmonique sous l`action d`une force sinusodale de frequence variable, au voisinage de la resonance principale. these</subfield></datafield><datafield ind1=" " ind2=" " tag="260"><subfield code="a">Lyon, Faculte Des Sciences, 1959, Iii + 21p.+ 26 Pl</subfield></datafield><datafield ind1=" " ind2=" " tag="852"><subfield code="a">6418</subfield></datafield></record></collection>